
<!--108-->
<record>
  <leader>00799nam a2200253   4500</leader>
  <controlfield tag="001">BIBLIOPAC-009409</controlfield>
  <controlfield tag="003">Br</controlfield>
  <controlfield tag="005">20161123142652.0</controlfield>
  <controlfield tag="008">20100492007     rjb           000 0por </controlfield>
  <datafield tag="020" ind1=" " ind2=" ">
    <subfield code="a">9788573935592 (broch)</subfield>
  </datafield>
  <datafield tag="040" ind1=" " ind2=" ">
    <subfield code="a">BR-RjBN</subfield>
    <subfield code="b">por</subfield>
  </datafield>
  <datafield tag="082" ind1="0" ind2=" ">
    <subfield code="a">001.6424</subfield>
    <subfield code="2">19</subfield>
  </datafield>
  <datafield tag="090" ind1=" " ind2=" ">
    <subfield code="a">001.6424</subfield>
    <subfield code="b">G642</subfield>
  </datafield>
  <datafield tag="092" ind1=" " ind2=" ">
    <subfield code="a">VI-226,7,9</subfield>
  </datafield>
  <datafield tag="100" ind1="0" ind2=" ">
    <subfield code="a">Gonzaga, Jorge Luiz,</subfield>
    <subfield code="d">1963-</subfield>
  </datafield>
  <datafield tag="245" ind1="0" ind2="0">
    <subfield code="a">Dominando o PostgreSQL :</subfield>
    <subfield code="b">incluindo curso completo da linguagem SQL /</subfield>
    <subfield code="c">Jorge Luiz Gonzaga. -</subfield>
  </datafield>
  <datafield tag="260" ind1=" " ind2=" ">
    <subfield code="a">Rio de Janeiro :</subfield>
    <subfield code="b">Ciência Moderna,</subfield>
    <subfield code="c">2007.</subfield>
  </datafield>
  <datafield tag="300" ind1=" " ind2=" ">
    <subfield code="a">228p. ;</subfield>
    <subfield code="c">23cm.</subfield>
  </datafield>
  <datafield tag="595" ind1=" " ind2=" ">
    <subfield code="a">BNB</subfield>
    <subfield code="c">02/07</subfield>
  </datafield>
  <datafield tag="650" ind1=" " ind2="0">
    <subfield code="a">PostgreSQL (Linguagem de programação de computador)</subfield>
  </datafield>
  <datafield tag="650" ind1=" " ind2="0">
    <subfield code="a">SQL (Linguagem de programação de computador)</subfield>
  </datafield>
  <datafield tag="650" ind1=" " ind2="0">
    <subfield code="a">Banco de dados</subfield>
    <subfield code="x">Gerência.</subfield>
  </datafield>
  <datafield tag="942" ind1=" " ind2=" ">
    <subfield code="c">L</subfield>
  </datafield>
  <datafield tag="999" ind1=" " ind2=" ">
    <subfield code="c">16164</subfield>
    <subfield code="d">16164</subfield>
  </datafield>
  <datafield tag="952" ind1=" " ind2=" ">
    <subfield code="0">0</subfield>
    <subfield code="1">0</subfield>
    <subfield code="4">0</subfield>
    <subfield code="6">PPBIO_001_642400000000000_G642</subfield>
    <subfield code="7">0</subfield>
    <subfield code="8">G</subfield>
    <subfield code="9">22008</subfield>
    <subfield code="a">sdin</subfield>
    <subfield code="b">sdin</subfield>
    <subfield code="d">2016-11-23</subfield>
    <subfield code="l">0</subfield>
    <subfield code="n">0</subfield>
    <subfield code="o">PPBIO 001.6424 G642</subfield>
    <subfield code="p">10-0118 | R</subfield>
    <subfield code="r">2016-11-23</subfield>
    <subfield code="w">2016-11-23</subfield>
    <subfield code="y">L</subfield>
    <subfield code="z">Livraria Saraiva</subfield>
    <subfield code=" ">52,00</subfield>
  </datafield>
</record>