
<!--118-->
<record>
  <leader>00900nam a2200289   4500</leader>
  <controlfield tag="001">BIBLIOPAC-010181</controlfield>
  <controlfield tag="003">Br</controlfield>
  <controlfield tag="005">20161123142828.0</controlfield>
  <controlfield tag="008">971024s1996    scba          000 0 por d                                        </controlfield>
  <datafield tag="020" ind1=" " ind2=" ">
    <subfield code="a">85-85943-02-5 (broch.).</subfield>
  </datafield>
  <datafield tag="035" ind1=" " ind2=" ">
    <subfield code="a">98062517101831E53</subfield>
  </datafield>
  <datafield tag="040" ind1=" " ind2=" ">
    <subfield code="a">Br</subfield>
    <subfield code="b">por</subfield>
  </datafield>
  <datafield tag="082" ind1="0" ind2="4">
    <subfield code="a">001.6424</subfield>
  </datafield>
  <datafield tag="090" ind1=" " ind2=" ">
    <subfield code="a">001.6424</subfield>
    <subfield code="b">O48d</subfield>
  </datafield>
  <datafield tag="092" ind1=" " ind2=" ">
    <subfield code="a">I-29,3,50</subfield>
  </datafield>
  <datafield tag="100" ind1="1" ind2=" ">
    <subfield code="a">Oliveira, Adelize Generini de.</subfield>
  </datafield>
  <datafield tag="245" ind1="1" ind2="0">
    <subfield code="a">Delphi 2 : </subfield>
    <subfield code="b">quick view / </subfield>
    <subfield code="c">Adelize Generini de Oliveira, Simone Fraga. -</subfield>
  </datafield>
  <datafield tag="260" ind1=" " ind2=" ">
    <subfield code="a">Florianópolis : </subfield>
    <subfield code="b">Bookstore, </subfield>
    <subfield code="c">c1997.</subfield>
  </datafield>
  <datafield tag="300" ind1=" " ind2=" ">
    <subfield code="a">240p. : </subfield>
    <subfield code="b">il. ; </subfield>
    <subfield code="c">22cm +</subfield>
  </datafield>
  <datafield tag="490" ind1=" " ind2=" ">
    <subfield code="a">(Quick view)</subfield>
  </datafield>
  <datafield tag="500" ind1=" " ind2=" ">
    <subfield code="a">"Versão condensada do livro explorando Delphi 2".</subfield>
  </datafield>
  <datafield tag="650" ind1=" " ind2=" ">
    <subfield code="a">Delphi (Programa de computador).</subfield>
  </datafield>
  <datafield tag="700" ind1="1" ind2=" ">
    <subfield code="a">Fraga, Simone.</subfield>
  </datafield>
  <datafield tag="830" ind1="0" ind2=" ">
    <subfield code="a">(Quick view</subfield>
    <subfield code="n">Visual books)</subfield>
  </datafield>
  <datafield tag="852" ind1=" " ind2=" ">
    <subfield code="a">Obras Gerais</subfield>
  </datafield>
  <datafield tag="942" ind1=" " ind2=" ">
    <subfield code="c">L</subfield>
  </datafield>
  <datafield tag="999" ind1=" " ind2=" ">
    <subfield code="c">16891</subfield>
    <subfield code="d">16891</subfield>
  </datafield>
  <datafield tag="952" ind1=" " ind2=" ">
    <subfield code="0">0</subfield>
    <subfield code="1">0</subfield>
    <subfield code="2">ddc</subfield>
    <subfield code="4">0</subfield>
    <subfield code="6">001_642400000000000_O48D</subfield>
    <subfield code="7">0</subfield>
    <subfield code="8">G</subfield>
    <subfield code="9">23002</subfield>
    <subfield code="a">sdin</subfield>
    <subfield code="b">sdin</subfield>
    <subfield code="d">2016-11-23</subfield>
    <subfield code="l">0</subfield>
    <subfield code="o">001.6424 O48d</subfield>
    <subfield code="p">97-0881</subfield>
    <subfield code="r">2016-11-23</subfield>
    <subfield code="w">2016-11-23</subfield>
    <subfield code="y">L</subfield>
  </datafield>
</record>