
<!--136-->
<record>
  <leader>00484nam a2200169   4500</leader>
  <controlfield tag="001">BIBLIOPAC-010452</controlfield>
  <controlfield tag="008">140422s2014    bl     f     0000 0 eng  </controlfield>
  <datafield tag="082" ind1="1" ind2=" ">
    <subfield code="a">001.6425</subfield>
  </datafield>
  <datafield tag="090" ind1=" " ind2=" ">
    <subfield code="a">001.6425</subfield>
    <subfield code="b">D574</subfield>
  </datafield>
  <datafield tag="245" ind1="1" ind2="0">
    <subfield code="a">DR DOS 6.0 : </subfield>
    <subfield code="b">viewMax user guide / </subfield>
    <subfield code="c">Digital Research.</subfield>
  </datafield>
  <datafield tag="250" ind1=" " ind2=" ">
    <subfield code="a">2. ed.</subfield>
  </datafield>
  <datafield tag="260" ind1=" " ind2=" ">
    <subfield code="a">California : </subfield>
    <subfield code="b">Digital Research, </subfield>
    <subfield code="c">1991.</subfield>
  </datafield>
  <datafield tag="300" ind1=" " ind2=" ">
    <subfield code="a">xii, 94p. : </subfield>
    <subfield code="b">il.</subfield>
  </datafield>
  <datafield tag="505" ind1=" " ind2="0">
    <subfield code="a">Inclui índice.</subfield>
  </datafield>
  <datafield tag="650" ind1=" " ind2="4">
    <subfield code="a">Novos recursos no ViewMax</subfield>
    <subfield code="x">Computador.</subfield>
  </datafield>
  <datafield tag="942" ind1=" " ind2=" ">
    <subfield code="c">L</subfield>
  </datafield>
  <datafield tag="999" ind1=" " ind2=" ">
    <subfield code="c">17162</subfield>
    <subfield code="d">17162</subfield>
  </datafield>
  <datafield tag="952" ind1=" " ind2=" ">
    <subfield code="0">0</subfield>
    <subfield code="1">0</subfield>
    <subfield code="4">0</subfield>
    <subfield code="6">001_642500000000000_D574</subfield>
    <subfield code="7">1</subfield>
    <subfield code="8">G</subfield>
    <subfield code="9">23310</subfield>
    <subfield code="a">sdin</subfield>
    <subfield code="b">sdin</subfield>
    <subfield code="d">2016-11-23</subfield>
    <subfield code="l">0</subfield>
    <subfield code="o">001.6425 D574</subfield>
    <subfield code="p">94-0131</subfield>
    <subfield code="r">2016-11-23</subfield>
    <subfield code="w">2016-11-23</subfield>
    <subfield code="y">L</subfield>
  </datafield>
</record>