
<!--143-->
<record>
  <leader>00842nam a2200253   4500</leader>
  <controlfield tag="001">BIBLIOPAC-010251</controlfield>
  <controlfield tag="003">Br</controlfield>
  <controlfield tag="005">20161123142835.0</controlfield>
  <controlfield tag="008">990701s1987    spba          001 0 por d</controlfield>
  <datafield tag="082" ind1="0" ind2="4">
    <subfield code="a">001.6425</subfield>
  </datafield>
  <datafield tag="090" ind1=" " ind2=" ">
    <subfield code="a">001.6425</subfield>
    <subfield code="b">H711w</subfield>
  </datafield>
  <datafield tag="092" ind1=" " ind2=" ">
    <subfield code="a">VI-256,7,15</subfield>
  </datafield>
  <datafield tag="100" ind1="1" ind2=" ">
    <subfield code="a">Hoffman, Paul,</subfield>
    <subfield code="d">1957-</subfield>
  </datafield>
  <datafield tag="240" ind1="0" ind2="0">
    <subfield code="a">Microsoft Word made easy.</subfield>
    <subfield code="l">Português</subfield>
  </datafield>
  <datafield tag="245" ind1="1" ind2="0">
    <subfield code="a">Word : </subfield>
    <subfield code="b">guia do usuário / </subfield>
    <subfield code="c">Paul Hoffman ; tradução Cristina Zuccolo ; revisão técnica e apêndice l (versão 4.0) Tania M. Salviati. -</subfield>
  </datafield>
  <datafield tag="260" ind1=" " ind2=" ">
    <subfield code="a">São Paulo : </subfield>
    <subfield code="b">McGraw-Hill, </subfield>
    <subfield code="c">1987.</subfield>
  </datafield>
  <datafield tag="300" ind1=" " ind2=" ">
    <subfield code="a">xxxvii, 293p. : </subfield>
    <subfield code="b">il. ; </subfield>
    <subfield code="c">24cm.</subfield>
  </datafield>
  <datafield tag="500" ind1=" " ind2=" ">
    <subfield code="a">Tradução de : Microsoft Word made easy.</subfield>
  </datafield>
  <datafield tag="500" ind1=" " ind2=" ">
    <subfield code="a">Inclui índice.</subfield>
  </datafield>
  <datafield tag="650" ind1=" " ind2=" ">
    <subfield code="a">Word (Programa de computador)</subfield>
  </datafield>
  <datafield tag="650" ind1=" " ind2=" ">
    <subfield code="a">Processamento de palavras.</subfield>
  </datafield>
  <datafield tag="852" ind1=" " ind2=" ">
    <subfield code="a">Obras Gerais</subfield>
  </datafield>
  <datafield tag="942" ind1=" " ind2=" ">
    <subfield code="c">L</subfield>
  </datafield>
  <datafield tag="999" ind1=" " ind2=" ">
    <subfield code="c">16961</subfield>
    <subfield code="d">16961</subfield>
  </datafield>
  <datafield tag="952" ind1=" " ind2=" ">
    <subfield code="0">0</subfield>
    <subfield code="1">0</subfield>
    <subfield code="4">0</subfield>
    <subfield code="6">001_642500000000000_H711W</subfield>
    <subfield code="7">1</subfield>
    <subfield code="8">G</subfield>
    <subfield code="9">23075</subfield>
    <subfield code="a">sdin</subfield>
    <subfield code="b">sdin</subfield>
    <subfield code="d">2016-11-23</subfield>
    <subfield code="l">0</subfield>
    <subfield code="o">001.6425 H711w</subfield>
    <subfield code="p">91-0385</subfield>
    <subfield code="r">2016-11-23</subfield>
    <subfield code="w">2016-11-23</subfield>
    <subfield code="y">L</subfield>
  </datafield>
</record>